
@online{gareth_coleman_aquapionics_????,
  title = {{{aquaPionics}} • {{Hackaday}}.io},
  url = {https://hackaday.io/project/2190-aquapionics},
  timestamp = {2016-02-20T21:27:24Z},
  langid = {english},
  titleaddon = {aquaPionics},
  type = {Project {{Blog}}},
  author = {{Gareth Coleman}},
  urldate = {2016-02-20},
  file = {aquaPionics • Hackaday.io:/home/guilherme/.mozilla/firefox/7fzmjj8n.default/zotero/storage/4NBGM4NZ/2190-aquapionics.html:}
}


