% Encoding: UTF-8

@Online{GarethColeman2014,
  author =     {{Gareth Coleman}},
  title =      {{{aquaPionics}} \dot {{Hackaday}}.io},
  year =       {2014},
  url =        {https://hackaday.io/project/2190-aquapionics},
  titleaddon = {aquaPionics},
  urldate =    {2016-02-20},
  file =       {aquaPionics  Hackaday.io:/home/guilherme/.mozilla/firefox/7fzmjj8n.default/zotero/storage/4NBGM4NZ/2190-aquapionics.html:},
  langid =     {english},
  timestamp =  {2016-02-20T21:27:24Z},
  type =       {Project {{Blog}}}
}

@Article{GoddekDelaideMankasinghEtAl2015,
  author =        {Goddek, Simon and Delaide, Boris and Mankasingh, Utra and Ragnarsdottir, Kristin Vala and Jijakli, Haissam and Thorarinsdottir, Ragnheidur},
  title =         {Challenges of sustainable and commercial aquaponics},
  year =          {2015},
  volume =        {7},
  number =        {4},
  pages =         {4199--4224},
  journal =       {Sustainability},
  publisher =     {Multidisciplinary Digital Publishing Institute}
}

@Misc{judoisonattack2012,
  author =       {judoisonattack},
  title =        {Arduino controlled Aquarium},
  year =         {2012},
  type =         {YouTube Video},
  organization = {Youtube},
  url =          {https://www.youtube.com/watch?v=9XExALUVDWA#t=2m48}
}

@Online{Kretzinger2015,
  author =  {Rik Kretzinger},
  editor =  {Rik Kretzinger},
  title =   {Build an Aquaponic Garden with Arduino — Gardening {\textbar} Make:},
  year =    {2015},
  url =     {http://makezine.com/projects/aquaponic-garden/},
  urldate = {2016-03-10},
  file =    {Build an Aquaponic Garden with Arduino — Gardening | Make\::/home/ec2010/ra105008/.mozilla/firefox/solxob2b.test2/zotero/storage/P9B44TE8/aquaponic-garden.html:text/html}
}

@Article{Wilson2005,
  author =        {Wilson, Geoff},
  title =         {Greenhouse aquaponics proves superior to inorganic hydroponics},
  year =          {2005},
  volume =        {39},
  number =        {4},
  pages =         {14--17},
  journal =       {Aquaponics Journal}
}% Encoding: UTF-8
