@MISC{dcmotor,
    author = {judoisonattack's YouTube Channel},
    title = {Arduino controlled Aquarium},
    type = {YouTube Video},
    organization = {Youtube},
    url = {https://www.youtube.com/watch?v=9XExALUVDWA#t=2m48}
}

@article{goddek2015challenges,
  title={Challenges of sustainable and commercial aquaponics},
  author={Goddek, Simon and Delaide, Boris and Mankasingh, Utra and Ragnarsdottir, Kristin Vala and Jijakli, Haissam and Thorarinsdottir, Ragnheidur},
  journal={Sustainability},
  volume={7},
  number={4},
  pages={4199--4224},
  year={2015},
  publisher={Multidisciplinary Digital Publishing Institute}
}

@online{gareth_coleman_aquapionics_2016,
  author = {{Gareth Coleman}},
  title = {{{aquaPionics}} \dot {{Hackaday}}.io},
  urldate = {2016-02-20},
  url = {https://hackaday.io/project/2190-aquapionics},
  timestamp = {2016-02-20T21:27:24Z},
  langid = {english},
  titleaddon = {aquaPionics},
  type = {Project {{Blog}}},
  file = {aquaPionics Hackaday.io:/home/guilherme/.mozilla/firefox/7fzmjj8n.default/zotero/storage/4NBGM4NZ/2190-aquapionics.html:}
}

